@book{giancoli2009fisica,
  title={F{\'\i}sica para ciencias e ingenier{\'\i}a con f{\'\i}sica moderna},
  author={Giancoli, Douglas C},
  number={530 G53.},
  year={2009}
}
@book{serway2009fisica,
  title={F{\'\i}sica para ciencias e ingenier{\'\i}a con f{\'\i}sica moderna.},
  author={Serway, Raymond A and Jewett, John W},
  year={2009},
  publisher={Cengage Learning Editores}
}